@book{Jacobs:01,
  title =        {Categorical Logic and Type Theory},
  author =       {B. Jacobs},
  series =       {Studies in logic and the foundations of mathematics},
  year =         2001,
  publisher =    {Elsevier}
}

@PhdThesis{Jacobs:91,
  title =        {Categorical type theory},
  school =       {University of Nijmegen},
  author =       {B. Jacobs},
  year =         1991,
}

@book{MacLane:98,
  title =        {Categories for the Working Mathematician},
  author =       {Mac Lane, Saunders},
  series =       {Graduate Texts in Mathematics},
  year =         1998,
  publisher =    {Springer New York}
}
